<?xml version="1.0" encoding="UTF-8"?><record xmlns="http://www.loc.gov/MARC21/slim" xmlns:cinclude="http://apache.org/cocoon/include/1.0" xmlns:zs="http://www.loc.gov/zing/srw/">
  <leader>00512nz  a2200145n  4500</leader>
  <controlfield tag="001">no2009002440</controlfield>
  <controlfield tag="003">DLC</controlfield>
  <controlfield tag="005">20090110082449.0</controlfield>
  <controlfield tag="008">090108n| acannaabn          |a aaa     c</controlfield>
  <datafield tag="010" ind1=" " ind2=" ">
    <subfield code="a">no2009002440</subfield>
  </datafield>
  <datafield tag="035" ind1=" " ind2=" ">
    <subfield code="a">(OCoLC)oca07980004</subfield>
  </datafield>
  <datafield tag="040" ind1=" " ind2=" ">
    <subfield code="a">MX-SlUA</subfield>
    <subfield code="b">eng</subfield>
    <subfield code="c">MX-SlUA</subfield>
  </datafield>
  <datafield tag="100" ind1="1" ind2=" ">
    <subfield code="a">Muñiz Obregón, Fernando</subfield>
  </datafield>
  <datafield tag="400" ind1="1" ind2=" ">
    <subfield code="a">Obregón, Fernando Muñiz</subfield>
  </datafield>
  <datafield tag="670" ind1=" " ind2=" ">
    <subfield code="a">"Actualización de precios unitarios por computadora", 1986:</subfield>
    <subfield code="b">t.p. (Fernando Muñiz Obregón; Universidad Autónoma de San Luis Potosi; Ingeniero Civil)</subfield>
  </datafield>
</record>